<record><leader>00000cas a22000007a 4500</leader><controlfield tag="001">15032672</controlfield><controlfield tag="008">870105d18821946wiuwr ne      0    0eng d</controlfield><datafield ind1=" " ind2=" " tag="010"><subfield code="a">sn 87082010 </subfield></datafield><datafield ind1=" " ind2=" " tag="040"><subfield code="a">NPV</subfield><subfield code="b">eng</subfield><subfield code="c">NPV</subfield><subfield code="d">OCLCQ</subfield></datafield><datafield ind1=" " ind2=" " tag="042"><subfield code="a">msc</subfield></datafield><datafield ind1="0" ind2="4" tag="245"><subfield code="a">The Kingston spy.</subfield></datafield><datafield ind1=" " ind2=" " tag="260"><subfield code="a">Kingston, Wis. :</subfield><subfield code="b">Mrs. A.J. Stiles,</subfield><subfield code="c">-1946.</subfield></datafield><datafield ind1=" " ind2=" " tag="300"><subfield code="a">v.</subfield></datafield><datafield ind1=" " ind2=" " tag="310"><subfield code="a">Weekly</subfield></datafield><datafield ind1="1" ind2=" " tag="362"><subfield code="a">Began in 1882?</subfield></datafield><datafield ind1="0" ind2=" " tag="362"><subfield code="a">-v. 64, no. 13 (Jan. 17, 1946).</subfield></datafield><datafield ind1=" " ind2=" " tag="500"><subfield code="a">Publisher varies.</subfield></datafield><datafield ind1=" " ind2=" " tag="588"><subfield code="a">Description based on: Vol. 57, no. 4 (Oct. 27, 1938).</subfield></datafield><datafield ind1=" " ind2=" " tag="752"><subfield code="a">United States</subfield><subfield code="b">Wisconsin</subfield><subfield code="c">Green Lake</subfield><subfield code="d">Kingston.</subfield></datafield><datafield ind1="0" ind2="0" tag="785"><subfield code="t">Kingston tribune</subfield><subfield code="w">(DLC)sn 87082011</subfield></datafield></record>